<record><leader>00000cas a2200000 i 4500</leader><controlfield tag="001">9653055</controlfield><controlfield tag="008">830628d18581868inuwr ne      0   a0eng c</controlfield><datafield ind1=" " ind2=" " tag="010"><subfield code="a">sn 83025610 </subfield></datafield><datafield ind1=" " ind2=" " tag="040"><subfield code="a">NPV</subfield><subfield code="b">eng</subfield><subfield code="e">rda</subfield><subfield code="c">NPV</subfield><subfield code="d">NPX</subfield><subfield code="d">NPY</subfield><subfield code="d">NPI</subfield><subfield code="d">CUI</subfield><subfield code="d">OCLCQ</subfield><subfield code="d">OCLCF</subfield><subfield code="d">HUL</subfield><subfield code="d">DLC</subfield><subfield code="d">HUL</subfield><subfield code="d">IUL</subfield><subfield code="d">DLC</subfield><subfield code="d">OCL</subfield></datafield><datafield ind1="0" ind2=" " tag="022"><subfield code="a">2572-2530</subfield><subfield code="l">2572-2530</subfield><subfield code="2">1</subfield></datafield><datafield ind1=" " ind2=" " tag="042"><subfield code="a">pcc</subfield><subfield code="a">nsdp</subfield></datafield><datafield ind1=" " ind2=" " tag="043"><subfield code="a">n-us-in</subfield></datafield><datafield ind1=" " ind2=" " tag="045"><subfield code="a">w5w6</subfield></datafield><datafield ind1="1" ind2="0" tag="050"><subfield code="a">ISSN RECORD</subfield></datafield><datafield ind1=" " ind2="4" tag="050"><subfield code="a">AN</subfield></datafield><datafield ind1=" " ind2=" " tag="052"><subfield code="a">4093</subfield><subfield code="b">W6</subfield></datafield><datafield ind1="1" ind2="0" tag="082"><subfield code="a">071.3</subfield><subfield code="2">23</subfield></datafield><datafield ind1=" " ind2="4" tag="222"><subfield code="a">The Indiana true Republican</subfield></datafield><datafield ind1="0" ind2="4" tag="245"><subfield code="a">The Indiana true Republican.</subfield></datafield><datafield ind1=" " ind2="1" tag="264"><subfield code="a">Centreville, Wayne County, Indiana :</subfield><subfield code="b">Isaac H. Julian,</subfield><subfield code="c">1858-1868.</subfield></datafield><datafield ind1=" " ind2=" " tag="300"><subfield code="a">10 volumes :</subfield><subfield code="b">illustrations (chiefly advertisements) ;</subfield><subfield code="c">57-62 cm</subfield></datafield><datafield ind1=" " ind2=" " tag="310"><subfield code="a">Weekly</subfield></datafield><datafield ind1=" " ind2=" " tag="336"><subfield code="a">text</subfield><subfield code="b">txt</subfield><subfield code="2">rdacontent</subfield></datafield><datafield ind1=" " ind2=" " tag="337"><subfield code="a">unmediated</subfield><subfield code="b">n</subfield><subfield code="2">rdamedia</subfield></datafield><datafield ind1=" " ind2=" " tag="338"><subfield code="a">volume</subfield><subfield code="b">nc</subfield><subfield code="2">rdacarrier</subfield></datafield><datafield ind1="0" ind2=" " tag="362"><subfield code="a">Vol. 1, no. 1 (June 17, 1858)-vol. X, no. 52 (June 25, 1868).</subfield></datafield><datafield ind1=" " ind2=" " tag="500"><subfield code="a">Published at: Richmond, Ind., Jan. 12, 1865-June 1868.</subfield></datafield><datafield ind1=" " ind2=" " tag="500"><subfield code="a">"Pioneer anti-slavery paper of Indiana. Radical Republican," Dec. 25, 1867.</subfield></datafield><datafield ind1=" " ind2=" " tag="500"><subfield code="a">Editor: Sept. 1858-June 1868, I.H. Julian.</subfield></datafield><datafield ind1=" " ind2=" " tag="500"><subfield code="a">Title from masthead.</subfield></datafield><datafield ind1=" " ind2="0" tag="651"><subfield code="a">Centerville (Wayne County, Ind.)</subfield><subfield code="v">Newspapers.</subfield></datafield><datafield ind1=" " ind2="0" tag="651"><subfield code="a">Richmond (Ind.)</subfield><subfield code="v">Newspapers.</subfield></datafield><datafield ind1=" " ind2="0" tag="651"><subfield code="a">Wayne County (Ind.)</subfield><subfield code="v">Newspapers.</subfield></datafield><datafield ind1=" " ind2="7" tag="651"><subfield code="a">Indiana</subfield><subfield code="z">Centerville (Wayne County)</subfield><subfield code="2">fast</subfield><subfield code="0">(OCoLC)fst01315982</subfield></datafield><datafield ind1=" " ind2="7" tag="651"><subfield code="a">Indiana</subfield><subfield code="z">Richmond.</subfield><subfield code="2">fast</subfield><subfield code="0">(OCoLC)fst01205951</subfield></datafield><datafield ind1=" " ind2="7" tag="651"><subfield code="a">Indiana</subfield><subfield code="z">Wayne County.</subfield><subfield code="2">fast</subfield><subfield code="0">(OCoLC)fst01218729</subfield></datafield><datafield ind1=" " ind2="7" tag="655"><subfield code="a">Newspapers.</subfield><subfield code="2">fast</subfield><subfield code="0">(OCoLC)fst01423814</subfield></datafield><datafield ind1="1" ind2=" " tag="700"><subfield code="a">Julian, Isaac H.</subfield><subfield code="q">(Isaac Hoover),</subfield><subfield code="d">1823-</subfield><subfield code="e">publisher.</subfield></datafield><datafield ind1=" " ind2=" " tag="752"><subfield code="a">United States</subfield><subfield code="b">Indiana</subfield><subfield code="c">Wayne</subfield><subfield code="d">Richmond.</subfield></datafield><datafield ind1=" " ind2=" " tag="752"><subfield code="a">United States</subfield><subfield code="b">Indiana</subfield><subfield code="c">Wayne</subfield><subfield code="d">Centerville.</subfield></datafield><datafield ind1="0" ind2="8" tag="776"><subfield code="i">Online version:</subfield><subfield code="t">Indiana true Republican</subfield><subfield code="w">(OCoLC)192107328</subfield></datafield><datafield ind1="0" ind2="8" tag="776"><subfield code="i">Microfilm version:</subfield><subfield code="t">Indiana true Republican</subfield><subfield code="w">(OCoLC)62729748</subfield></datafield><datafield ind1="0" ind2="5" tag="780"><subfield code="t">Broad axe of freedom</subfield><subfield code="g">1865</subfield><subfield code="x">2574-9234</subfield><subfield code="w">(DLC)sn 82015007</subfield><subfield code="w">(OCoLC)8804800</subfield></datafield><datafield ind1="0" ind2="0" tag="785"><subfield code="t">Indiana radical and true Republican</subfield><subfield code="x">2574-9250</subfield><subfield code="w">(DLC)sn 86058016</subfield><subfield code="w">(OCoLC)13046101</subfield></datafield><datafield ind1="4" ind2="1" tag="856"><subfield code="u">https://access.newspaperarchive.com/us/indiana/centerville/centerville-indiana-true-democrat/</subfield></datafield><datafield ind1="4" ind2="1" tag="856"><subfield code="u">https://access.newspaperarchive.com/us/indiana/centerville/centerville-indiana-true-republican/</subfield></datafield><datafield ind1="4" ind2="1" tag="856"><subfield code="u">https://access.newspaperarchive.com/us/indiana/richmond/richmond-indiana-true-republican/</subfield></datafield><datafield ind1="1" ind2=" " tag="029"><subfield code="a">AU@</subfield><subfield code="b">000025816050</subfield></datafield></record>